@BOOK{SedovDim,
Author			= "Sedov, L. I.",
Title				= "Similarity and Dimensional Methods in Mechanics",
Publisher		= "CRC Press",
Address			= "Boca Raton, FL",
Edition			= "10th",
Year				= 1993}

@BOOK{Ovsyan,
Author		 	= "Ovsyannikov, L. V.",
Title				= "Group Analysis of Differential Equations",
Publisher		= "Nauka",
Address			= "Moscow",
Year				= 1978,
Note				= "In Russian"
}

@TECHREPORT{MCOReport1999,
Key         = "MCO Report",
Author      = "Stephenson, Arthur G. and {et al}",
Title				= "Mars {C}limate {O}rbiter {M}ishap {I}nvestigation {B}oard {P}hase
							 {I} {R}eport",
Institution = "{NASA}",
Year				= "1999",
Month				= "November",
URL					= "ftp://ftp.hq.nasa.gov/pub/pao/reports/1999/MCO\_report.pdf"
}

@INPROCEEDINGS{Kennedy1994,
Author		= "Kennedy, Andrew J.",
Title			= "Dimension Types",
BookTitle = "Proceedings of the 5th European Symposium on Programming '94",
Series		= "Lecture Notes in Computer Science",
Volume		= 788,
Year			= 1994,
Pages			= "348--362",
Publisher	= "Springer-Verlag",
Address   = "Berlin"
}

@INPROCEEDINGS{Kennedy1997,
Author		= "Kennedy, Andrew J.",
Title			= "Rational Parametricity and Units of Measure",
BookTitle	= "Proceedings of the 24th Annual {ACM SIGPLAN-SIGACT} Symposium on
						 Principles of Programming Languages",
Publisher = "{ACM} Press",
Address   = "New York",
Year      = 1997
}

@BOOK{SI,
Author		= "{International Union of Pure and Applied Chemistry}",
Title			= "Quantities, Units and Symbols in Physical Chemistry",
Edition   = "2nd",
Publisher = "Blackwell Science",
Address   = "Oxford",
Year			= 1993
}

@TECHREPORT{HaskellDims,
Author      = "Buckwalter, Bj{\"o}rn",
Title       = "ANNOUNCE: \texttt{Dimensional} --- Statically Checked Physical
						  Dimensions",
Institution = "haskell@haskell.org mailing list",
Year        = 2006,
Month       = "December",
Note        = "http://www.haskell.org/pipermail/haskell/2006-December/018993.html"
}

@TECHREPORT{MathematicaDims,
Author      = "McLoone, Jon",
Title       = "Automatic Physical Units in \textsl{Mathematica}",
Institution = "Wolfram Blog",
Year        = 2010,
Month				= "December",
Note				= "http://blog.wolfram.com/2010/12/09/automatic-physical-units-in-mathematica"
}

@TECHREPORT{MapleDims,
Author			= "{Maple 9.5 Application Paper}",
Title 			= "Units and Dimensional Management",
Institution = "{MapleSoft}",
Year				= 2001,
Month				= "August",
Note				= "http://www.maplesoft.com/view.aspx?SF=4036/Units.pdf"
}

@TECHREPORT{C++Turing,
Author			= "Veldhuizen, Todd L.",
Title				= "C++ Templates are {T}uring Complete",
Institution	= "Indiana University of Computer Science",
Year				= 2003,
Note				= "http://citeseerx.ist.psu.edu/viewdoc/summary?doi=10.1.1.14.3670"
}

@TECHREPORT{SIunits,
Author			= "Brown, Walter E.",
Title				= "Applied Template Metaprogramming in {SIunits}: the Library of
							 Unit-Based Computation",
Institution = "Fermi National Accelerator Laboratory",
Year				= 2001,
Note				= "http://oonumerics.org/tmpw01/brown.pdf"
}


